<record><leader>00000cas a22000007a 4500</leader><controlfield tag="001">15698173</controlfield><controlfield tag="008">870516c19199999inucr ne      0    0eng d</controlfield><datafield ind1=" " ind2=" " tag="010"><subfield code="a">sn 87056216 </subfield></datafield><datafield ind1=" " ind2=" " tag="040"><subfield code="a">NPI</subfield><subfield code="b">eng</subfield><subfield code="c">NPI</subfield><subfield code="d">OCLCQ</subfield></datafield><datafield ind1=" " ind2=" " tag="042"><subfield code="a">msc</subfield></datafield><datafield ind1="0" ind2=" " tag="130"><subfield code="a">Garrett clipper (Garrett, Ind. : 1919)</subfield></datafield><datafield ind1="1" ind2="0" tag="245"><subfield code="a">Garrett clipper.</subfield></datafield><datafield ind1=" " ind2=" " tag="260"><subfield code="a">Garrett, Dekalb County, Ind. :</subfield><subfield code="b">C.B. Hamilton,</subfield><subfield code="c">1919-</subfield></datafield><datafield ind1=" " ind2=" " tag="310"><subfield code="a">Semiweekly,</subfield><subfield code="b">Nov. 1, 1920-</subfield></datafield><datafield ind1=" " ind2=" " tag="321"><subfield code="a">Weekly,</subfield><subfield code="b">1919-1920</subfield></datafield><datafield ind1="0" ind2=" " tag="362"><subfield code="a">Vol. 36, no. 8 (Dec. 18, 1919)-</subfield></datafield><datafield ind1=" " ind2=" " tag="752"><subfield code="a">United States</subfield><subfield code="b">Indiana</subfield><subfield code="c">De Kalb</subfield><subfield code="d">Garrett.</subfield></datafield><datafield ind1="0" ind2="0" tag="780"><subfield code="t">Garrett weekly clipper</subfield><subfield code="w">(DLC)sn 84045420</subfield></datafield></record>